%\cite{wss}\cite{elbow-method}\cite{kmeans}\cite{cross-validation}\cite{mean-decrease-accuracy}\cite{random-forest}\cite{j48}\cite{smo}\cite{iot}\cite{estimation}\cite{kaggle}\cite{obesity}

% Within-Cluster Sum of Squares
@misc{wss,
  title={WSS},
  author={WSS},
  note={\url{https://en.wikipedia.org/wiki/K-means_clustering#Description}},
  year={2019}
}

% Elbow Method
@misc{elbow-method,
  title={Elbow Method},
  author={Elbow Method},
  note={\url{https://en.wikipedia.org/wiki/Elbow_method_(clustering)}},
  year={2019}
}

% K-Means
@misc{kmeans,
  title={K-Means},
  author={K-Means},
  note={\url{https://en.wikipedia.org/wiki/K-means_clustering}},
  year={2019}
}

% Cross-Validation
@misc{cross-validation,
  title={Cross-Validation},
  author={Cross-Validation},
  note={\url{https://en.wikipedia.org/wiki/Cross-validation_(statistics)}},
  year={2019}
}

% Mean Decrease Accuracy
@misc{mean-decrease-accuracy,
  title={Mean Decrease Accuracy},
  author={Mean Decrease Accuracy},
  note={\url{https://www.csv.waikato.ac.nz/~ml/weka/}},
  year={2019}
}

% Random Forest
@misc{random-forest,
  title={Random Forest},
  author={Random Forest},
  note={\url{https://www.cs.waikato.ac.nz/~ml/weka/}},
  year={2019}
}

% J48
@misc{j48,
  title={J48},
  author={J48},
  note={\url{https://www.cs.waikato.ac.nz/~ml/weka/}},
  year={2019}
}

% SMO
@misc{smo,
  title={SMO},
  author={SMO},
  note={\url{https://www.cs.waikato.ac.nz/~ml/weka/}},
  year={2019}
}

% IoT (IoT Framework for a Decision-Making System of Obesity and Overweight Extrapolation among Children, Youths, and Adults) (https://pubmed.ncbi.nlm.nih.gov/36143450/)
@article{iot,
  title={IoT Framework for a Decision-Making System of Obesity and Overweight Extrapolation among Children, Youths, and Adults},
  author={Saeed Ali Alsareii 's Team},
  journal={Life (Basel, Switzerland)},
  year={2022},
  publisher={PubMed}
}

% Estimation (Estimation of obesity levels based on computational intelligence) (https://www.researchgate.net/publication/346668053_Estimation_of_obesity_levels_based_on_computational_intelligence)
@article{estimation,
  title={Estimation of obesity levels based on computational intelligence},
  author={Rodolfo Ca√±as Cervantes' Team},
  journal={ResearchGate},
  year={2020},
  publisher={ResearchGate}
}

% Kaggle
@misc{kaggle,
  title={Kaggle},
  author={Kaggle},
  note={\url{https://www.kaggle.com/}},
  year={2019}
}

% Obesity (Kaggle Dataset) (https://www.kaggle.com/datasets/aravindpcoder/obesity-or-cvd-risk-classifyregressorcluster)
@misc{obesity,
  title={Obesity},
  author={Obesity},
  note={\url{https://www.kaggle.com/datasets/aravindpcoder/obesity-or-cvd-risk-classifyregressorcluster}},
  year={2019}
}
